<record><leader>00000cas a22000007a 4500</leader><controlfield tag="001">29409250</controlfield><controlfield tag="008">931201c199u9999txuwr ne      0    0eng d</controlfield><datafield ind1=" " ind2=" " tag="010"><subfield code="a">sn 93068259 </subfield></datafield><datafield ind1=" " ind2=" " tag="040"><subfield code="a">PPM</subfield><subfield code="b">eng</subfield><subfield code="c">PPM</subfield><subfield code="d">OCLCQ</subfield></datafield><datafield ind1=" " ind2=" " tag="042"><subfield code="a">msc</subfield></datafield><datafield ind1="0" ind2="4" tag="245"><subfield code="a">The Smithville times.</subfield></datafield><datafield ind1=" " ind2=" " tag="260"><subfield code="a">Smithville, Tex. :</subfield><subfield code="b">Dave Smith</subfield></datafield><datafield ind1=" " ind2=" " tag="300"><subfield code="a">v.</subfield></datafield><datafield ind1=" " ind2=" " tag="310"><subfield code="a">Weekly</subfield></datafield><datafield ind1=" " ind2=" " tag="588"><subfield code="a">Description based on : vol. 101, no. 42 (Oct. 21, 1993).</subfield></datafield><datafield ind1=" " ind2=" " tag="752"><subfield code="a">United States</subfield><subfield code="b">Texas</subfield><subfield code="c">Bastrop</subfield><subfield code="d">Smithville.</subfield></datafield><datafield ind1="0" ind2="0" tag="780"><subfield code="t">Bastrop County times</subfield><subfield code="w">(DLC)sn 88083534</subfield></datafield><datafield ind1="1" ind2=" " tag="029"><subfield code="a">AU@</subfield><subfield code="b">000025897879</subfield></datafield></record>